<record><leader>00000cas a22000007a 4500</leader><controlfield tag="001">32336817</controlfield><controlfield tag="008">950419d18771uuucauwr ne      0    0eng d</controlfield><datafield ind1=" " ind2=" " tag="010"><subfield code="a">sn 95062751 </subfield></datafield><datafield ind1=" " ind2=" " tag="040"><subfield code="a">CUY</subfield><subfield code="b">eng</subfield><subfield code="c">CNK</subfield><subfield code="d">OCLCQ</subfield><subfield code="d">OCLCF</subfield><subfield code="d">OCLCO</subfield></datafield><datafield ind1="1" ind2=" " tag="029"><subfield code="a">AU@</subfield><subfield code="b">000011677316</subfield></datafield><datafield ind1=" " ind2=" " tag="042"><subfield code="a">msc</subfield></datafield><datafield ind1="0" ind2="0" tag="245"><subfield code="a">Weekly stock report.</subfield></datafield><datafield ind1="1" ind2="7" tag="246"><subfield code="a">San Francisco weekly stock report</subfield></datafield><datafield ind1=" " ind2=" " tag="260"><subfield code="a">San Francisco [Calif.] :</subfield><subfield code="b">Stock Report Pub. Co.</subfield></datafield><datafield ind1=" " ind2=" " tag="300"><subfield code="a">v.</subfield></datafield><datafield ind1=" " ind2=" " tag="310"><subfield code="a">Weekly</subfield></datafield><datafield ind1="0" ind2=" " tag="362"><subfield code="a">Vol. 16, no. 27 (July 13, 1877)-</subfield></datafield><datafield ind1=" " ind2="0" tag="650"><subfield code="a">Stock exchanges</subfield><subfield code="z">California</subfield><subfield code="z">San Francisco</subfield><subfield code="v">Newspapers.</subfield></datafield><datafield ind1=" " ind2="7" tag="655"><subfield code="a">Newspapers.</subfield><subfield code="2">fast</subfield><subfield code="0">(OCoLC)fst01423814</subfield></datafield><datafield ind1=" " ind2="7" tag="650"><subfield code="a">Stock exchanges.</subfield><subfield code="2">fast</subfield><subfield code="0">(OCoLC)fst01133564</subfield></datafield><datafield ind1=" " ind2="7" tag="651"><subfield code="a">California</subfield><subfield code="z">San Francisco.</subfield><subfield code="2">fast</subfield><subfield code="0">(OCoLC)fst01204481</subfield></datafield><datafield ind1=" " ind2=" " tag="752"><subfield code="a">United States</subfield><subfield code="b">California</subfield><subfield code="c">San Francisco</subfield><subfield code="d">San Francisco.</subfield></datafield><datafield ind1="0" ind2=" " tag="775"><subfield code="t">Daily stock report</subfield><subfield code="w">(DLC)sn 95062754</subfield></datafield><datafield ind1="0" ind2=" " tag="775"><subfield code="t">Daily report (San Francisco, Calif.)</subfield><subfield code="w">(DLC)sn 94052838</subfield></datafield><datafield ind1="0" ind2=" " tag="775"><subfield code="t">San Francisco daily report</subfield><subfield code="w">(DLC)sn 85066394</subfield></datafield><datafield ind1="0" ind2="0" tag="780"><subfield code="t">Weekly stock report and California Street journal</subfield><subfield code="w">(DLC)sn 95062750</subfield></datafield></record>